@misc{termium,
    author    = "Public Services and Procurement Canada",
    title     = "Termium PLUS, the Government of Canada's terminology and linguistic data bank",
    url       = "http://open.canada.ca/data/en/dataset/94fc74d6-9b9a-4c2e-9c6c-45a5092453aa"
}